@misc{agda,
  title     = {Agda 2.6.3 documentation},
  author    = {The Agda Development Team},
  year      = 2023,
  url       = {https://agda.readthedocs.io/en/v2.6.3/},
}


@article{elliot-categories,
author = {Elliott, Conal},
title = {Compiling to Categories},
year = {2017},
issue_date = {September 2017},
publisher = {Association for Computing Machinery},
address = {New York, NY, USA},
volume = {1},
number = {ICFP},
url = {https://doi.org/10.1145/3110271},
doi = {10.1145/3110271},
journal = {Proc. ACM Program. Lang.},
month = {aug},
articleno = {27},
numpages = {27},
keywords = {category theory, compile-time optimization, domain-specific languages}
}

@article{lukascz-vampir,
author = {Lukasz Czajka},
title = {Juvix to VampIR Pipeline},
year = {2023},
journal = {Heliax Internal Reports},
month = {aug},
}


@software{anoma-geb,
author = {Heliax AG},
license = {MIT},
title = {{Geb Lisp Implementation}},
url = {https://github.com/anoma/geb/},
year = {2023}
}

@software{anoma-vampir,
author = {Heliax AG},
license = {MIT},
title = {{VampIR Rust Implementation}},
url = {https://github.com/anoma/vamp-ir/},
year = {2023}
}

@software{anoma-juvix,
author = {Heliax AG},
license = {MIT},
title = {{Juvix Haskell Compiler}},
url = {https://github.com/anoma/juvix/},
year = {2023}
}
